<?xml version="1.0" encoding="UTF-8"?><collection xmlns="http://www.loc.gov/MARC21/slim"><record><leader>00543nam--2200181-i-4500</leader><controlfield tag="001">000041496</controlfield><controlfield tag="002">20161230</controlfield><controlfield tag="005">20161230201043</controlfield><controlfield tag="008">060222s1000------------r-----000-0-eng-d</controlfield><datafield ind1=" " ind2=" " tag="040"><subfield code="a">IFIN-HH</subfield></datafield><datafield ind1=" " ind2=" " tag="080"><subfield code="a">537.222.22:621.382</subfield></datafield><datafield ind1="1" ind2=" " tag="100"><subfield code="a">Shive,John N</subfield></datafield><datafield ind1="1" ind2="0" tag="245"><subfield code="a">The properties, physics, and design of semiconductor devices</subfield><subfield code="c">John n. shive</subfield></datafield><datafield ind1=" " ind2=" " tag="260"><subfield code="a">Toronto</subfield><subfield code="b">D. Van Nostrand Company Inc</subfield><subfield code="c">1959</subfield></datafield><datafield ind1=" " ind2=" " tag="300"><subfield code="a">XXI + 487 P</subfield></datafield><datafield ind1=" " ind2=" " tag="490"><subfield code="a">The Bell Telephone Laboratories Series</subfield></datafield><datafield ind1=" " ind2=" " tag="852"><subfield code="a">15134</subfield><subfield code="c">537.311.33</subfield></datafield><datafield ind1=" " ind2=" " tag="CAT"><subfield code="a">Sys</subfield><subfield code="c">20110718</subfield><subfield code="h">150421</subfield></datafield></record></collection>